<?xml version="1.0" encoding="UTF-8"?>
<collection xmlns:xsi="http://www.w3.org/2001/XMLSchema-instance" xsi:schemaLocation="http://www.loc.gov/MARC21/slim http://www.loc.gov/standards/marcxml/schema/MARC21slim.xsd" xmlns="http://www.loc.gov/MARC21/slim">
<record>
  <leader>00850nam a22002051  4500</leader>
  <controlfield tag="001">3068055</controlfield>
  <controlfield tag="003">NNC</controlfield>
  <controlfield tag="005">20030429142358.0</controlfield>
  <controlfield tag="008">010817s1932    sy            000 0 ara d</controlfield>
  <datafield tag="035" ind1=" " ind2=" ">
    <subfield code="a">(OCoLC)ocm47800376</subfield>
  </datafield>
  <datafield tag="035" ind1=" " ind2=" ">
    <subfield code="9">ATP0480CU</subfield>
  </datafield>
  <datafield tag="040" ind1=" " ind2=" ">
    <subfield code="a">ZCU</subfield>
    <subfield code="c">ZCU</subfield>
  </datafield>
  <datafield tag="099" ind1=" " ind2=" ">
    <subfield code="a">893.7112</subfield>
    <subfield code="a">Ib5923</subfield>
  </datafield>
  <datafield tag="100" ind1="1" ind2=" ">
    <subfield code="a">Ibn ʻAsākir, ʻAlī ibn al-Ḥasan,</subfield>
    <subfield code="d">1105-1176.</subfield>
  </datafield>
  <datafield tag="245" ind1="1" ind2="3">
    <subfield code="a">al-Aḥnaf ibn Qays: nasabuhū wa-ṣifatuhū wa-akhbāruhū,</subfield>
    <subfield code="b">ḥikamuhū wa-amthāluhū, taʾbīnuhū wa-rithāʾuhū;</subfield>
    <subfield code="c">mulakhkhas dhālika min al-juzʾ al-sābiʻmin ʹTahdhīb Tarīkh Ibn ʻAsākirʹ ... Waqafa ʻalā ṭabʻihī Aḥmad ʻUbayd.</subfield>
  </datafield>
  <datafield tag="260" ind1=" " ind2=" ">
    <subfield code="a">Dimashq,</subfield>
    <subfield code="b">al-Maktabah al-ʻArabīyah (ʻUbayd Ikhwān)</subfield>
    <subfield code="c">[1351 h., 1932 m.]</subfield>
  </datafield>
  <datafield tag="300" ind1=" " ind2=" ">
    <subfield code="a">16, 32 p.</subfield>
  </datafield>
  <datafield tag="490" ind1="1" ind2=" ">
    <subfield code="a">2d. group: advertisements</subfield>
  </datafield>
  <datafield tag="830" ind1=" " ind2="0">
    <subfield code="a">2nd. group: advertisements.</subfield>
  </datafield>
  <datafield tag="955" ind1=" " ind2=" ">
    <subfield code="b">CU58865110</subfield>
    <subfield code="d">off,glx</subfield>
    <subfield code="e">893.7112 Ib5923</subfield>
  </datafield>
</record>
</collection>